%% report.bib - contains BiBtex input for bibliography
Lopez, B., Araya, R., Barriga, N., et al., "Software regression testing: practical experience at the ALMA test facility," Proceedings of SPIE Vol. 7019, 70192X (2008).
T.C. Shen, J.P.A. Ibsen, R.A. Olguin, R. Soto, "Status of ALMA Software", Proceedings of ICALEPCS 2011, Grenoble, France.
Gonz√°lez, V., Mora, M., Araya, R., et al., "First year of ALMA site software deployment: where everything comes together," Proceedings of SPIE Vol. 7737, 77371Z (2010)
M. Mora, J. Ibsen, J. Kern, R. Araya, N. Troncoso, V. Gonzalez, R. Marson, T. Juerges, A. Farris, C. Reyes, "Hardware device simulation framework in the ALMA Control subsystem", Volume 411, ADASS XVIII (2008)
D. Petry. "Analysing ALMA data with CASA". ADASS XXI, 2012. http://arxiv.org/abs/1201.3454
@article{ziad1a2013lotuce,
  title={LOTUCE: A new monitor for turbulence characterization inside telescope's dome},
  author={Ziad, Aziz and Ali, Wassila Dali and Borgnino, Julien and Sarazin, Marc and Buzzoni, Bernard},
    booktitle = {Proceedings of the Third AO4ELT Conference},
     year = 2013,
   editor = {{Esposito}, S. and {Fini}, L.},
    month = dec,
      doi = {10.12839/AO4ELT3.13350},
   adsurl = {http://adsabs.harvard.edu/abs/2013aoel.confE..74Z},
  adsnote = {Provided by the SAO/NASA Astrophysics Data System}
}

@article{berdja1afirst,
  title={First results on dome turbulence characterisation using the LOTUCE prototype},
  author={Berdja, Amokrane and Osborn, James and Sarazin, Marc and Ali, Wassila Dali and Ziad, Aziz},
     year = 2013,
   editor = {{Esposito}, S. and {Fini}, L.},
    month = dec,
      doi = {10.12839/AO4ELT3.13309},
   adsurl = {http://adsabs.harvard.edu/abs/2013aoel.confE..60B},
  adsnote = {Provided by the SAO/NASA Astrophysics Data System}
}

@article{basden2012wavefront,
  title={Wavefront sensing with a brightest pixel selection algorithm},
  author={Basden, AG and Myers, RM and Gendron, Eric},
  journal={Monthly Notices of the Royal Astronomical Society},
  volume={419},
  number={2},
  pages={1628--1636},
  year={2012},
  publisher={Oxford University Press}
}

@article{basden2010durham,
  title={Durham adaptive optics real-time controller},
  author={Basden, Alastair and Geng, Deli and Myers, Richard and Younger, Eddy},
  journal={Applied optics},
  volume={49},
  number={32},
  pages={6354--6363},
  year={2010},
  publisher={Optical Society of America}
}

@article{basden2012durham,
      title={The Durham adaptive optics real-time controller: Capability and ELT suitability},
        author={Basden, Alastair and Myers, Richard},
          journal={arXiv preprint arXiv:1205.4532},
            year={2012}
}

@inproceedings{Lopez, 
	author = "B. Lopez and R. Araya et all", 
	title  = "Software regression testing: practical experience at the ALMA test facility", 
	booktitle= "Advanced Software and Control for Astronomy II",
	editor = "A. Bridger",
	series = "Proc. SPIE", 
	volume = "7019",
	pages  = "97-97", 
	year   = "2008"	} 

@inproceedings{Shen, 
	author = "T.\ Shen and J\ Ibsen and R.\ Olguin and R.\ Soto et all.", 
	title  = "Status of ALMA Software", 
	booktitle= "",
	editor = "",
	series = "Proc. ICALEPCS", 
	volume = "",
	pages  = "", 
	year   = "2011"	} 

@inproceedings{Gonzalez, 
	author = "V. Gonz\'alez and M. Mora and R. Araya and D. Arredondo and M. Bartsch and P. Burgos and J. Ibsen and J. Reveco and N. S\'aez and A. Schemrl and J. Sepulveda and T. Shen and R. Soto and N. Troncoso and M. Zambrano and N. Barriga and B. Glendenning and G. Raffi and J. Kern", 
	title  = "First year of ALMA site software deployment: where everything comes together", 
	booktitle= "",
	editor = "",
	series = "Proc. SPIE", 
	volume = "7737",
	pages  = "", 
	year   = "2010"	} 

@inproceedings{Mora, 
	author = "M. Mora and J. Ibsen and J. Kern and R. Araya and N. Troncoso and V. Gonzalez and R. Marson and T. Juerges and A. Farris and C. Reyes", 
	title  = "Hardware device simulation framework in the ALMA Control subsystem", 
	booktitle= "",
	editor = "",
	series = "Proc.  ADASS XVIII", 
	volume = "411",
	pages  = "", 
	year   = "2008"	} 

@inproceedings{Avarias,
        author = "M. Mora and J. Avarias and A. Tejeda and J. Gil and H. Sommer",
        title  = "ALMA software scalability experience with growing number of antennas",
        booktitle= "",
        editor = "",
        series = "Proc. SPIE",
        volume = "8451-31",
        pages  = "",
        year   = "2012"}

@inproceedings{Petry, 
	author = "D. Petry", 
	title  = "Analysing ALMA data with CASA", 
	booktitle= "",
	editor = "",
	series = "Proc.  ADASS XXI", 
	volume = "",
	pages  = "", 
	year   = "2012",
	note = "http://arxiv.org/abs/1201.3454"	}

@book{Alred03, 
	author = "G. J. Alred and C. T. Brusaw and W. E. Oliu", 
	title  = "Handbook of Technical Writing", 
	publisher= "St. Martin's", 
	address= "New York", 
	year   = "2003 (seventh edition)"	}
	
@book{Goossens97, 
	author = "Michel Goossens and Frank Mittelbach and Sebastian Rahtz", 
	title  = "The LaTeX Companion", 
	publisher= "Addison-Wesley", 
	address= "Reading, Mass.", 
	year   = "1997"	} 

@book{Mittelbach04, 
	author = "Frank Mittelbach and Michel Goossens and Johannes Braams and David Carlisle", 
	title  = "The LaTeX Companion", 
	publisher= "Addison-Wesley", 
	address= "Reading, Mass.",
	edition= "second", 
	year   = "2004"	} 

@incollection{Gull89a, 
	author = "S. F. Gull", 
	title  = "Developments in maximum-entropy data analysis", 
	booktitle= " Maximum Entropy and Bayesian Methods", 
	editor = "J. Skilling", 
	pages  = "53-71 ", 
	publisher= "Kluwer Academic",
	address= "Dordrecht", 
	year   = "1989"	} 
 
@inproceedings{Hanson93c, 
	author = "K. M. Hanson", 
	title  = "Introduction to {B}ayesian image analysis", 
	booktitle= "Medical Imaging:\ Image Processing",
	editor = "M.\ H. Loew",
	series = "Proc. SPIE", 
	volume = "1898",
	pages  = "716-731", 
	year   = "1993"	} 

@book{Lamport94, 
	author = "L. Lamport", 
	title  = "LaTeX: A Document Preparation System", 
	publisher= "Addison-Wesley", 
	address= "Reading, Mass.", 
	year   = "1994"	}

@article{Metropolis53, 
	author = "N. Metropolis and A. W. Rosenbluth and M. N. Rosenbluth and A. H. Teller and E. Teller", 
	title  = "Equations of state calculations by fast computing machine", 
	journal= "J. Chem. Phys.",  
	volume = "21", 
	pages  = "1087-1091", 
	year   = "1953"	} 

@book{Perelman97, 
	author = "L. C. Perelman and J. Paradis and E. Barrett", 
	title  = "Mayfield Handbook of Technical and Scientific Writing", 
	publisher= "Mountain View", 
	address= "Mayfield",
	month  = "April", 
	year   = "1997",
	note = "http://mit.imoat.net/handbook/"	}

